@article{GRAIL,
  author       = {Sami W. Asmar and Alexander S. Konopliv and Michael M. Watkins and James G. Williams and Ryan S. Park and Gerhard Kruizinga and others},
  title        = {The Scientific Measurement System of the Gravity Recovery and Interior Laboratory (GRAIL) Mission},
  journal      = {Space Science Reviews},
  volume       = {178},
  number       = {1},
  pages        = {25--55},
  year         = {2013},
  publisher    = {Springer},
  doi          = {10.1007/s11214-013-9962-0},
  url          = {https://doi.org/10.1007/s11214-013-9962-0},
  issn         = {1572-9672}
}


@article{Carrer2024,
  author = {Leonardo Carrer and Riccardo Pozzobon and Francesco Sauro and Davide Castelletti and Gerald Wesley Patterson and Lorenzo Bruzzone},
  title = {Radar evidence of an accessible cave conduit on the Moon below the Mare Tranquillitatis pit},
  journal = {Nature Astronomy},
  volume = {8},
  number = {9},
  pages = {1119--1126},
  year = {2024},
  month = {September},
  doi = {10.1038/s41550-024-02302-y},
  url = {https://doi.org/10.1038/s41550-024-02302-y},
  issn = {2397-3366}
}

@article{lro,
  author    = {Gordon Chin and Scott Brylow and Marc Foote and James Garvin and Justin Kasper and John Keller and Maxim Litvak and Igor Mitrofanov and David Paige and Keith Raney and Mark Robinson and Anton Sanin and David Smith and Harlan Spence and Paul Spudis and S. Alan Stern and Maria Zuber},
  title     = {Lunar Reconnaissance Orbiter Overview: The Instrument Suite and Mission},
  journal   = {Space Science Reviews},
  year      = {2007},
  volume    = {129},
  number    = {4},
  pages     = {391--419},
  doi       = {10.1007/s11214-007-9153-y},
  url       = {https://doi.org/10.1007/s11214-007-9153-y},
  issn      = {1572-9672}
}


@misc{esa-daedalus,
  author       = {{European Space Agency (ESA)}},
  title        = {{ESA plans mission to explore lunar caves}},
  howpublished = {\url{https://www.esa.int/Enabling_Support/Preparing_for_the_Future/Discovery_and_Preparation/ESA_plans_mission_to_explore_lunar_caves}},
  note         = {Accessed: 2024-12-21}
}

@article{bases-feng,
    title = {A comprehensive review of lunar lava tube base construction and field research on a potential Earth test site},
    journal = {International Journal of Mining Science and Technology},
    volume = {34},
    number = {9},
    pages = {1201-1216},
    year = {2024},
    note = {Planetary Rock and Soil Mechanics},
    issn = {2095-2686},
    doi = {https://doi.org/10.1016/j.ijmst.2024.06.003},
    url = {https://www.sciencedirect.com/science/article/pii/S2095268624000752},
    author = {Yujie Feng and Peng-Zhi Pan and Xuhai Tang and Zhaofeng Wang and Yuxin Li and Altaf Hussain},
    keywords = {Lunar lava tube, Lunar base construction, Extraterrestrial cave exploration, Earth analog site},
}


@misc{clrn-impact-melt,
  author       = {Centre for Planetary Science and Exploration},
  title        = {Impact Melt},
  howpublished = {\url{https://clrn.uwo.ca/clrn-research/impact-melt/}},
  note         = {Accessed: 2024-12-09}
}

@article{lunar-pits-entrances-to-caves,
    author = {Hong, Ik-Seon and yi, yu and Kim, Eojin},
    year = {2014},
    month = {06},
    pages = {131-140},
    title = {Lunar Pit Craters Presumed to be the Entrances of Lava Caves by Analogy to the Earth   Lava Tube Pits},
    volume = {31},
    journal = {Journal of Astronomy and Space Sciences},
    doi = {10.5140/JASS.2014.31.2.131}
}

@article{thermal-lunar-pits,
    author = {Horvath, Tyler and Hayne, Paul O. and Paige, David A.},
    title = {Thermal and Illumination Environments of Lunar Pits and Caves: Models and Observations From the Diviner Lunar Radiometer Experiment},
    journal = {Geophysical Research Letters},
    volume = {49},
    number = {14},
    pages = {e2022GL099710},
    keywords = {Moon, caves, thermal modeling, space exploration, remote sensing, diviner},
    doi = {https://doi.org/10.1029/2022GL099710},
    url = {https://agupubs.onlinelibrary.wiley.com/doi/abs/10.1029/2022GL099710},
    eprint = {https://agupubs.onlinelibrary.wiley.com/doi/pdf/10.1029/2022GL099710},
    note = {e2022GL099710 2022GL099710},
    year = {2022}
}

@article{cavities-selene-lavatubes,
	author = {Kaku, T. and Haruyama, J. and Miyake, W. and Kumamoto, A. and Ishiyama, K. and Nishibori, T. and Yamamoto, K. and Crites, Sarah T. and Michikami, T. and Yokota, Y. and Sood, R. and Melosh, H. J. and Chappaz, L. and Howell, K. C.},
	title = {Detection of Intact Lava Tubes at Marius Hills on the Moon by SELENE (Kaguya) Lunar Radar Sounder},
	journal = {Geophysical Research Letters},
	volume = {44},
	number = {20},
	pages = {10,155-10,161},
	keywords = {lava tube, Moon, radar sounder, SELENE, GRAIL, Marius Hills},
	doi = {https://doi.org/10.1002/2017GL074998},
	url = {https://agupubs.onlinelibrary.wiley.com/doi/abs/10.1002/2017GL074998},
	eprint = {https://agupubs.onlinelibrary.wiley.com/doi/pdf/10.1002/2017GL074998},
	year = {2017}
}


@article{kerber2023,
  author       = {L. Kerber and The Moon Diver Team},
  title        = {An Update on the Moon Diver Mission: Field Tests and Instrument Requirements},
  booktitle    = {4th International Planetary Caves Conference},
  year         = {2023},
  organization = {Lunar and Planetary Institute},
  address      = {Pasadena, CA},
  url          = {https://www.hou.usra.edu/meetings/4thcaves2023/pdf/1083.pdf},
  note         = {Abstract No. 1083}
}

@inproceedings{kerber2016,
  author       = {L. Kerber and I. Nesnas and J.W. Ashley and M. J. Malaska and C. Parcheta and K. L. Mitchell and R. C. Anderson and A. Stickle and L. Cheek},
  title        = {Moon Diver: A Mission Concept for Exploring the History of Lunar Mare Deposits with the Axel Extreme Terrain Rover},
  booktitle    = {Annual Meeting of the Lunar Exploration Analysis Group (LEAG)},
  year         = {2016},
  organization = {Jet Propulsion Laboratory, California Institute of Technology},
  address      = {Pasadena, CA},
  url          = {https://www.lpi.usra.edu/meetings/leag2016/pdf/5068.pdf},
  note         = {Abstract No. 5068}
}

@article{lunar-pits-numerical-modelling,
    title = {Numerical modelling of impact crater formation associated with isolated lunar skylight candidates on lava tubes},
    journal = {Planetary and Space Science},
    volume = {86},
    pages = {33-44},
    year = {2013},
    issn = {0032-0633},
    doi = {https://doi.org/10.1016/j.pss.2013.06.010},
    url = {https://www.sciencedirect.com/science/article/pii/S0032063313001517},
    author = {E. Martellato and B.H. Foing and J. Benkhoff},
    keywords = {Moon, Numerical modelling, Impact craters, Skylights, Lava tubes, Space exploration},
}

@inproceedings{nesnas2019,
  author={Nesnas, Issa A. and Kerber, Laura and Parness, Aaron and Kornfeld, Richard and Sellar, Glenn and McGarey, Patrick and Brown, Travis and Paton, Michael and Smith, Miles and Johnson, Andrew and Heverly, Matthew and Sawoniewicz, Jacek and Yahnker, Christopher and Pailevanian, Torkom and Sunada, Eric and Gaume, Bryant and Curtis, Aaron and Elder, Catherine and Uckert, Kyle and Vaquero, Mar and Cheng, Yang and Denevi, Brett and Jozwiak, Lauren and Stickle, Angela and Whitten, Jennifer L. and Keszthelyi, Laszlo and Haruyama, Junichi and Wagner, Robert and Hayne, Paul and Horvath, Tyler and Head, James W. and Hopkins, Joshua B and Ricks, John and Boster, Emily},
  booktitle={2019 IEEE Aerospace Conference}, 
  title={Moon Diver: A Discovery Mission Concept for Understanding the History of Secondary Crusts through the Exploration of a Lunar Mare Pit}, 
  year={2019},
  volume={},
  number={},
  pages={1-23},
  keywords={Moon;Instruments;Space vehicles;Geology;Cameras;Earth;Orbits},
  doi={10.1109/AERO.2019.8741788}
}


@Article{radar-observations-lava-tubes,
    AUTHOR = {Qiu, Xiaohang and Ding, Chunyu},
    TITLE = {Radar Observation of the Lava Tubes on the Moon and Mars},
    JOURNAL = {Remote Sensing},
    VOLUME = {15},
    YEAR = {2023},
    NUMBER = {11},
    ARTICLE-NUMBER = {2850},
    URL = {https://www.mdpi.com/2072-4292/15/11/2850},
    ISSN = {2072-4292},
    DOI = {10.3390/rs15112850}
}

@article{sublunear-lava,
    title = {Confirmation of sublunarean voids and thin layering in mare deposits},
    journal = {Planetary and Space Science},
    volume = {69},
    number = {1},
    pages = {18-27},
    year = {2012},
    issn = {0032-0633},
    doi = {https://doi.org/10.1016/j.pss.2012.05.008},
    url = {https://www.sciencedirect.com/science/article/pii/S0032063312001195},
    author = {M.S. Robinson and J.W. Ashley and A.K. Boyd and R.V. Wagner and E.J. Speyerer and B. {Ray Hawke} and H. Hiesinger and C.H. {van der Bogert}},
    keywords = {Moon, Volcanism, Impact melt, Shelter, Pit, Flow},
}

@article{jsanders-isru,
       author = {Sanders, Gerald},
       title = {In-Situ Resource Utilization (ISRU): Surface Excavation and Construction},
       journal = {NASA Space Technology Mission Directorate},
       year = {2021},
       url = {https://www.nasa.gov/wp-content/uploads/2015/03/jsanders_lunar_isru_tagged_0.pdf}
}


@article{lunar-pit-distribution,
    author = {Wagner, R. V. and Robinson, M. S.},
    title = {Distribution, Formation Mechanisms, and Significance of Lunar Pits},
    journal = {Icarus},
    volume = {237},
    year = {2014},
    pages = {52--60},
    doi = {10.1016/j.icarus.2014.04.002}
}

@article{new-wagner,
    author = {Wagner, R. V. and Robinson, M. S.},
    title = {Lunar Pit Morphology: Implications for Exploration},
    journal = {Journal of Geophysical Research: Planets},
    volume = {127},
    number = {8},
    pages = {e2022JE007328},
    keywords = {caves, pits, stereo modeling, LROC, Moon},
    doi = {https://doi.org/10.1029/2022JE007328},
    url = {https://agupubs.onlinelibrary.wiley.com/doi/abs/10.1029/2022JE007328},
    eprint = {https://agupubs.onlinelibrary.wiley.com/doi/pdf/10.1029/2022JE007328},
    note = {e2022JE007328 2022JE007328},
    year = {2022}
}

@article{newer-thermal,
    author = {Wilcoski, A. X. and Hayne, P. O. and Elder, C. M.},
    title = {Thermal Environments and Volatile Stability Within Lunar Pits and Caves},
    journal = {Journal of Geophysical Research: Planets},
    volume = {128},
    number = {7},
    pages = {e2023JE007758},
    keywords = {Moon, lunar, thermal modeling, volatiles, water, ice},
    doi = {https://doi.org/10.1029/2023JE007758},
    url = {https://agupubs.onlinelibrary.wiley.com/doi/abs/10.1029/2023JE007758},
    eprint = {https://agupubs.onlinelibrary.wiley.com/doi/pdf/10.1029/2023JE007758},
    note = {e2023JE007758 2023JE007758},
    year = {2023}
}

@article{grails-gradients-mariushills,
	title = {GRAIL gravity gradients evidence for a potential lava tube at Marius Hills on the moon},
	journal = {Icarus},
	volume = {408},
	pages = {115814},
	year = {2024},
	issn = {0019-1035},
	doi = {https://doi.org/10.1016/j.icarus.2023.115814},
	url = {https://www.sciencedirect.com/science/article/pii/S0019103523003937},
	author = {Ke Zhu and Meng Yang and XingYuan Yan and WeiKai Li and Wei Feng and Min Zhong},
	keywords = {Lunar, Lava tube, Gravity gradients, GRAIL},
}
